@article {friedman2012simplicial,
	AUTHOR = {Friedman, Greg},
	TITLE = {Survey article: {A}n elementary illustrated introduction to
	simplicial sets},
	JOURNAL = {Rocky Mountain J. Math.},
	FJOURNAL = {The Rocky Mountain Journal of Mathematics},
	VOLUME = {42},
	YEAR = {2012},
	NUMBER = {2},
	PAGES = {353--423},
	ISSN = {0035-7596},
	MRCLASS = {55U10 (18G30)},
	MRNUMBER = {2915498},
	MRREVIEWER = {Beno\^{\i}t Fresse},
	DOI = {10.1216/RMJ-2012-42-2-353},
	URL = {https://doi.org/10.1216/RMJ-2012-42-2-353},
}

@article{kapranov1991combinatorial,
	title={Combinatorial-geometric aspects of polycategory theory: pasting schemes and higher Bruhat orders (list of results)},
	author={Kapranov, Mikhail M and Voevodsky, Vladimir A},
	journal={Cahiers de Topologie et G{\'e}om{\'e}trie diff{\'e}rentielle cat{\'e}goriques},
	volume={32},
	number={1},
	pages={11--27},
	year={1991}
}

@article{gaiotto2016spin,
	title={Spin {TQFT}s and fermionic phases of matter},
	author={Gaiotto, Davide and Kapustin, Anton},
	journal={International Journal of Modern Physics A},
	volume={31},
	number={28n29},
	pages={1645044},
	year={2016},
	publisher={World Scientific}
}

@article{bhardwaj2017state,
	title={State sum constructions of spin-{TFT}s and string net constructions of fermionic phases of matter},
	author={Bhardwaj, Lakshya and Gaiotto, Davide and Kapustin, Anton},
	journal={Journal of High Energy Physics},
	volume={2017},
	number={4},
	pages={96},
	year={2017},
	publisher={Springer}
}

@article{kapustin2017fermionic,
	title={Fermionic {SPT} phases in higher dimensions and bosonization},
	author={Kapustin, Anton and Thorngren, Ryan},
	journal={Journal of High Energy Physics},
	volume={2017},
	number={10},
	pages={1--50},
	year={2017},
	publisher={Springer}
}


@article {cantero2020khovanov,
	AUTHOR = {Cantero Mor\'{a}n, Federico},
	TITLE = {Higher {S}teenrod squares for {K}hovanov homology},
	JOURNAL = {Adv. Math.},
	FJOURNAL = {Advances in Mathematics},
	VOLUME = {369},
	YEAR = {2020},
	PAGES = {107153, 79},
	ISSN = {0001-8708},
	MRCLASS = {55P42 (18N50 55S10 57K18)},
	MRNUMBER = {4094757},
	MRREVIEWER = {Nikolai N. Saveliev},
	DOI = {10.1016/j.aim.2020.107153},
	URL = {https://doi.org/10.1016/j.aim.2020.107153},
}

@manual{sagemath,
	Key          = {SageMath},
	Author       = {{The Sage Developers}},
	Title        = {{S}ageMath, the {S}age {M}athematics {S}oftware {S}ystem ({V}ersion 9.3.rc3)},
	note         = {{\tt https://www.sagemath.org}},
	Year         = {2021},
}

@article {Kadeishvili03cup-i,
	AUTHOR = {Kadeishvili, T.},
	TITLE = {Cochain operations defining {S}teenrod {$\smile_i$}-products
	in the bar construction},
	JOURNAL = {Georgian Math. J.},
	FJOURNAL = {Georgian Mathematical Journal},
	VOLUME = {10},
	YEAR = {2003},
	NUMBER = {1},
	PAGES = {115--125},
	ISSN = {1072-947X},
	MRCLASS = {55P48 (55S10 57T30)},
	MRNUMBER = {1990691},
	MRREVIEWER = {Dai Tamaki},
}

@unpublished{FMS-foundations,
	author={Greg Friedman and Anibal Medina-Mardones and Dev Sinha},
	title={Co-orientations, pull-back products, and the foundations of geometric cohomology},
	note={in preparation}
}

@article{bauer2020structure,
	title={The Structure of Morphisms in Persistent Homology, I. Functorial Dualities},
	author={Bauer, Ulrich and Schmahl, Maximilian},
	journal={arXiv preprint arXiv:2012.12881},
	year={2020}
}

@book{gudhi,
	title = "{GUDHI} User and Reference Manual",
	author = "{The GUDHI Project}",
	publisher = "{GUDHI Editorial Board}",
	edition = "{3.1.1}",
	year = 2020,
	url = "https://gudhi.inria.fr/doc/3.1.1/"
}

@incollection {whitney1935history,
	AUTHOR = {Whitney, Hassler},
	TITLE = {Moscow 1935: topology moving toward {A}merica},
	BOOKTITLE = {A century of mathematics in {A}merica, {P}art {I}},
	SERIES = {Hist. Math.},
	VOLUME = {1},
	PAGES = {97--117},
	PUBLISHER = {Amer. Math. Soc., Providence, RI},
	YEAR = {1988},
	MRCLASS = {01A60 (54-03 55-03)},
	MRNUMBER = {1003166},
	MRREVIEWER = {F. Burton Jones},
}

@misc{bauer2019ripser,
	title={Ripser: efficient computation of {V}ietoris-{R}ips persistence barcodes},
	author={Ulrich Bauer},
	year={2019},
	eprint={1908.02518},
	archivePrefix={arXiv},
	primaryClass={math.AT}
}

@incollection {pilarczyk16cubicalsteenrod,
	AUTHOR = {Kr\v{c}\'{a}l, Marek and Pilarczyk, Pawe\l },
	TITLE = {Computation of cubical {S}teenrod squares},
	BOOKTITLE = {Computational topology in image context},
	SERIES = {Lecture Notes in Comput. Sci.},
	VOLUME = {9667},
	PAGES = {140--151},
	PUBLISHER = {Springer, [Cham]},
	YEAR = {2016},
	MRCLASS = {55N45 (55U15 68W30)},
	MRNUMBER = {3533883},
	DOI = {10.1007/978-3-319-39441-1_13},
	URL = {https://doi.org/10.1007/978-3-319-39441-1_13},
}

@article {adem52relations,
	AUTHOR = {Adem, Jos\'{e}},
	TITLE = {The iteration of the {S}teenrod squares in algebraic topology},
	JOURNAL = {Bol. Soc. Mat. Mexicana},
	FJOURNAL = {Bolet\'{\i}n de la Sociedad Matem\'{a}tica Mexicana},
	VOLUME = {10},
	YEAR = {1953},
	PAGES = {1--11},
	MRCLASS = {56.0X},
	MRNUMBER = {0057540},
	MRREVIEWER = {W. S. Massey},
}

@article {real1996computability,
	AUTHOR = {Real, Pedro},
	TITLE = {On the computability of the {S}teenrod squares},
	JOURNAL = {Ann. Univ. Ferrara Sez. VII (N.S.)},
	FJOURNAL = {Annali dell'Universit\`a di Ferrara. Nuova Serie. Sezione VII.
	Scienze Matematiche},
	VOLUME = {42},
	YEAR = {1996},
	PAGES = {57--63 (1998)},
	ISSN = {0430-3202},
	MRCLASS = {55S05 (55S10)},
	MRNUMBER = {1622630},
	MRREVIEWER = {N. J. Kuhn},
}

@incollection {gonzalez99steenrod,
	AUTHOR = {Gonz\'{a}lez-D\'{\i}az, Roc\'{\i}o and Real, Pedro},
	TITLE = {A combinatorial method for computing {S}teenrod squares},
	NOTE = {Effective methods in algebraic geometry (Saint-Malo, 1998)},
	JOURNAL = {J. Pure Appl. Algebra},
	FJOURNAL = {Journal of Pure and Applied Algebra},
	VOLUME = {139},
	YEAR = {1999},
	NUMBER = {1-3},
	PAGES = {89--108},
	ISSN = {0022-4049},
	MRCLASS = {55N45 (55S10 55U10 55U15)},
	MRNUMBER = {1700539},
	MRREVIEWER = {Kalathoor Varadarajan},
	DOI = {10.1016/S0022-4049(99)00006-7},
	URL = {https://doi.org/10.1016/S0022-4049(99)00006-7},
}

@article{gonzalez2003computation,
	title={Computation of cohomology operations of finite simplicial complexes},
	author={Gonzalez-Diaz, Rocio and Real, Pedro and others},
	journal={Homology, Homotopy and Applications},
	volume={5},
	number={2},
	pages={83--93},
	year={2003},
	publisher={International Press of Boston}
}

@article {gonzalez2005hpt,
	AUTHOR = {Gonzalez-Diaz, Rocio and Real, Pedro},
	TITLE = {H{PT} and cocyclic operations},
	JOURNAL = {Homology Homotopy Appl.},
	FJOURNAL = {Homology, Homotopy and Applications},
	VOLUME = {7},
	YEAR = {2005},
	NUMBER = {2},
	PAGES = {95--108},
	ISSN = {1532-0081},
	MRCLASS = {55S10 (05E99)},
	MRNUMBER = {2156309},
	MRREVIEWER = {Adriana Ciampella},
	URL = {http://projecteuclid.org/euclid.hha/1139839376},
}

@article{carlsson2013viral,
	title={Topology of viral evolution},
	author={Chan, Joseph Minhow and Carlsson, Gunnar and Rabadan, Raul},
	journal={Proceedings of the National Academy of Sciences},
	volume={110},
	number={46},
	pages={18566--18571},
	year={2013},
	publisher={National Acad Sciences}
}

@article{carlsson2008images,
	title={On the local behavior of spaces of natural images},
	author={Carlsson, Gunnar and Ishkhanov, Tigran and De Silva, Vin and Zomorodian, Afra},
	journal={International journal of computer vision},
	volume={76},
	number={1},
	pages={1--12},
	year={2008},
	publisher={Springer}
}


@article{carlsson2005barcode,
  title={Computing persistent homology},
  author={Zomorodian, Afra and Carlsson, Gunnar},
  journal={Discrete \& Computational Geometry},
  volume={33},
  number={2},
  pages={249--274},
  year={2005},
  publisher={Springer}
}

@phdthesis{hb2011thesis,
	title={Persistent Cohomology Operations},
	author={HB, Aubrey Rae},
	year={2011}
}

@article{guillamon2014infinity,
	title={A-infinity Persistence},
	author={Guillam{\'o}n, Francisco Belch{\'\i} and Mas, Aniceto Murillo},
	journal={arXiv preprint arXiv:1403.2395},
	year={2014}
}

@inproceedings{berger04combinatorial,
	title={Combinatorial operad actions on cochains},
	author={Berger, Clemens and Fresse, Benoit},
	booktitle={Mathematical Proceedings of the Cambridge Philosophical Society},
	volume={137},
	number={1},
	pages={135--174},
	year={2004},
	organization={Cambridge University Press}
}

@article{gonzalez1999combinatorial,
	title={A combinatorial method for computing {S}teenrod squares},
	author={Gonz{\'a}lez-D{\'i}az, Roc{\'i}o and Real, Pedro},
	journal={Journal of Pure and Applied Algebra},
	volume={139},
	number={1-3},
	pages={89--108},
	year={1999},
	publisher={Elsevier}
}

@article{carlsson2009overview,
	title={Topology and data},
	author={Carlsson, Gunnar},
	journal={Bulletin of the American Mathematical Society},
	volume={46},
	number={2},
	pages={255--308},
	year={2009}
}

@book{computationaltopology2010,
	title={Computational topology: an introduction},
	author={Edelsbrunner, Herbert and Harer, John},
	year={2010},
	publisher={American Mathematical Soc.}
}

@article{bubenik2014categorification,
	title={Categorification of persistent homology},
	author={Bubenik, Peter and Scott, Jonathan A},
	journal={Discrete \& Computational Geometry},
	volume={51},
	number={3},
	pages={600--627},
	year={2014},
	publisher={Springer}
}

@article{2017roadmapcomputational,
	title={A roadmap for the computation of persistent homology},
	author={Otter, Nina and Porter, Mason A and Tillmann, Ulrike and Grindrod, Peter and Harrington, Heather A},
	journal={EPJ Data Science},
	volume={6},
	number={1},
	pages={17},
	year={2017},
	publisher={Springer}
}


@article{ghrist2008barcodes,
	title={Barcodes: the persistent topology of data},
	author={Ghrist, Robert},
	journal={Bulletin of the American Mathematical Society},
	volume={45},
	number={1},
	pages={61--75},
	year={2008}
}

@inproceedings{2006vines,
	title={Vines and vineyards by updating persistence in linear time},
	author={Cohen-Steiner, David and Edelsbrunner, Herbert and Morozov, Dmitriy},
	booktitle={Proceedings of the twenty-second annual symposium on Computational geometry},
	pages={119--126},
	year={2006},
	organization={ACM}
}

@inproceedings{edelsbrunner2000topological,
	title={Topological persistence and simplification},
	author={Edelsbrunner, Herbert and Letscher, David and Zomorodian, Afra},
	booktitle={Foundations of Computer Science, 2000. Proceedings. 41st Annual Symposium on},
	pages={454--463},
	year={2000},
	organization={IEEE}
}

@inproceedings {cohensteiner2009kernels,
	AUTHOR = {Cohen-Steiner, David and Edelsbrunner, Herbert and Harer, John
	and Morozov, Dmitriy},
	TITLE = {Persistent homology for kernels, images, and cokernels},
	BOOKTITLE = {Proceedings of the {T}wentieth {A}nnual {ACM}-{SIAM}
	{S}ymposium on {D}iscrete {A}lgorithms},
	PAGES = {1011--1020},
	PUBLISHER = {SIAM, Philadelphia, PA},
	YEAR = {2009},
	MRCLASS = {18G99 (55N99)},
	MRNUMBER = {2807543},
}

@article{hess2017cliques,
	title={Cliques of neurons bound into cavities provide a missing link between structure and function},
	author={Reimann, Michael W and Nolte, Max and Scolamiero, Martina and Turner, Katharine and Perin, Rodrigo and Chindemi, Giuseppe and D{\l}otko, Pawe{\l} and Levi, Ran and Hess, Kathryn and Markram, Henry},
	journal={Frontiers in computational neuroscience},
	volume={11},
	pages={48},
	year={2017},
	publisher={Frontiers}
}

@article {street87orientals,
	AUTHOR = {Street, Ross},
	TITLE = {The algebra of oriented simplexes},
	JOURNAL = {J. Pure Appl. Algebra},
	FJOURNAL = {Journal of Pure and Applied Algebra},
	VOLUME = {49},
	YEAR = {1987},
	NUMBER = {3},
	PAGES = {283--335},
	ISSN = {0022-4049},
	MRCLASS = {18G50 (18D05 18G55)},
	MRNUMBER = {920944},
	MRREVIEWER = {Timothy Porter},
	DOI = {10.1016/0022-4049(87)90137-X},
	URL = {https://doi.org/10.1016/0022-4049(87)90137-X},
}

@article{cohen2009extending,
	title={Extending persistence using {P}oincar{\'e} and {L}efschetz duality},
	author={Cohen-Steiner, David and Edelsbrunner, Herbert and Harer, John},
	journal={Foundations of Computational Mathematics},
	volume={9},
	number={1},
	pages={79--103},
	year={2009},
	publisher={Springer}
}

@article{mcclure03cochain,
	title={Multivariable cochain operations and little n-cubes},
	author={McClure, James and Smith, Jeffrey},
	journal={Journal of the American Mathematical Society},
	volume={16},
	number={3},
	pages={681--704},
	year={2003}
}


@article {steenrod62cyclic,
	AUTHOR = {Steenrod, N. E.},
	TITLE = {Cyclic reduced powers of cohomology classes},
	JOURNAL = {Proc. Nat. Acad. Sci. U.S.A.},
	FJOURNAL = {Proceedings of the National Academy of Sciences of the United
	States of America},
	VOLUME = {39},
	YEAR = {1953},
	PAGES = {217--223},
	ISSN = {0027-8424},
	MRCLASS = {56.0X},
	MRNUMBER = {54965},
	MRREVIEWER = {H. Cartan},
	DOI = {10.1073/pnas.39.3.217},
	URL = {https://doi.org/10.1073/pnas.39.3.217},
}

@book{steenrod1962cohomology,
	title={Cohomology operations},
	author={Steenrod, Norman Earl and Epstein, David BA},
	number={50-51},
	year={1962},
	publisher={Princeton University Press}
}

@article{lee2018nanoporous,
	title={High-throughput screening approach for nanoporous materials genome using topological data analysis: application to zeolites},
	author={Lee, Yongjin and Barthel, Senja D and D{\l}otko, Pawe{\l} and Moosavi, Seyed Mohamad and Hess, Kathryn and Smit, Berend},
	journal={Journal of chemical theory and computation},
	volume={14},
	number={8},
	pages={4427--4437},
	year={2018},
	publisher={ACS Publications}
}

@book{gudhi,
	title = "{GUDHI} User and Reference Manual",
	author = "{The GUDHI Project}",
	publisher = "{GUDHI Editorial Board}",
	edition = "{3.3.0}",
	year = 2020
}

@article{bauer2019ripser,
	title={Ripser: efficient computation of vietoris-rips persistence barcodes},
	author={Bauer, Ulrich},
	journal={arXiv preprint arXiv:1908.02518},
	year={2019}
}

@article{multidimansionalpersistence2009,
	title={The theory of multidimensional persistence},
	author={Carlsson, Gunnar and Zomorodian, Afra},
	journal={Discrete \& Computational Geometry},
	volume={42},
	number={1},
	pages={71--93},
	year={2009},
	publisher={Springer}
}

@article{steenrod47,
	title={Products of cocycles and extensions of mappings},
	author={Steenrod, Norman E},
	journal={Annals of Mathematics},
	pages={290--320},
	year={1947},
	publisher={JSTOR}
}

@incollection {pilarczyk16cubical,
	AUTHOR = {Kr\v{c}\'{a}l, Marek and Pilarczyk, Pawe\l },
	TITLE = {Computation of cubical {S}teenrod squares},
	BOOKTITLE = {Computational topology in image context},
	SERIES = {Lecture Notes in Comput. Sci.},
	VOLUME = {9667},
	PAGES = {140--151},
	PUBLISHER = {Springer, [Cham]},
	YEAR = {2016},
	MRCLASS = {55N45 (55U15 68W30)},
	MRNUMBER = {3533883},
	DOI = {10.1007/978-3-319-39441-1_13},
	URL = {https://doi.org/10.1007/978-3-319-39441-1_13},
}

@ARTICLE{medina2020hyperharmonics,
	author = {{Medina-Mardones}, Anibal M. and {Rosas}, Fernando E. and
	{Rodr{\'\i}guez}, Sebasti{\'a}n E. and {Cofr{\'e}}, Rodrigo},
	title = "{Hyperharmonic analysis for the study of high-order information-theoretic signals}",
	journal = {arXiv e-prints},
	keywords = {Mathematics - Algebraic Topology, Computer Science - Information Theory, 68P30, 94A17, 57Z20, 57Z25, 62B10, 55U10, 94-05, 94-08, 94A15, H.1.1},
	year = 2020,
	month = oct,
	eid = {arXiv:2010.01117},
	pages = {arXiv:2010.01117},
	archivePrefix = {arXiv},
	eprint = {2010.01117},
	primaryClass = {math.AT},
	adsurl = {https://ui.adsabs.harvard.edu/abs/2020arXiv201001117M},
	adsnote = {Provided by the SAO/NASA Astrophysics Data System}
}

@article{medina2020odd,
	title={Chain level {S}teenrod operations},
	author={Kaufmann, Ralph M and Medina-Mardones, Anibal M},
	journal={arXiv preprint arXiv:2010.02571},
	year={2020}
}

@article{medina2020adem,
	title={A Cochain Level Proof of {A}dem Relations in the Mod 2 {S}teenrod Algebra},
	author={Brumfiel, Greg and Medina-Mardones, Anibal M and Morgan, John},
	journal={arXiv preprint arXiv:2006.09354},
	year={2020}
}

@misc{medina2020giottotda,
	title={giotto-tda: A Topological Data Analysis Toolkit for Machine Learning and Data Exploration},
	author={Guillaume Tauzin and Umberto Lupo and Lewis Tunstall and Julian Burella Pérez and Matteo Caorsi and Anibal Medina-Mardones and Alberto Dassatti and Kathryn Hess},
	year={2020},
	eprint={2004.02551},
	archivePrefix={arXiv},
	primaryClass={cs.LG}
}

@article{medina2018prop2,
	title={A finitely presented ${E}_{\infty}$-Prop {II}: cellular Context},
	author={Medina-Mardones, Anibal M.},
	journal={arXiv preprint arXiv:1808.07132},
	year={2018}
}

@article{medina2018axiomatic,
	title={An axiomatic characterization of {S}teenrod's cup-$i$ products},
	author={Medina-Mardones, Anibal M.},
	journal={arXiv preprint arXiv:1810.06505},
	year={2018}
}

@article{medina2018persistence,
	title={Persistence {S}teenrod modules},
	author={Medina-Mardones, Anibal M.},
	journal={arXiv preprint arXiv:1812.05031},
	year={2018}
}

@article {medina2020prop1,
	AUTHOR = {Medina-Mardones, Anibal M.},
	TITLE = {A finitely presented {$E_\infty$}-prop {I}: algebraic context},
	JOURNAL = {High. Struct.},
	FJOURNAL = {Higher Structures},
	VOLUME = {4},
	YEAR = {2020},
	NUMBER = {2},
	PAGES = {1--21},
	MRCLASS = {55P48 (18M85 18N50)},
	MRNUMBER = {4133162},
}

@article {medina2020globular,
	AUTHOR = {Medina-Mardones, Anibal M.},
	TITLE = {An algebraic representation of globular sets},
	JOURNAL = {Homology Homotopy Appl.},
	FJOURNAL = {Homology, Homotopy and Applications},
	VOLUME = {22},
	YEAR = {2020},
	NUMBER = {2},
	PAGES = {135--150},
	ISSN = {1532-0073},
	MRCLASS = {18N99 (18F99 55S05)},
	MRNUMBER = {4093174},
	DOI = {10.4310/hha.2020.v22.n2.a8},
	URL = {https://doi.org/10.4310/hha.2020.v22.n2.a8},
}

@article {medina2020cartan,
	AUTHOR = {Medina-Mardones, Anibal M.},
	TITLE = {An effective proof of the {C}artan formula: the even prime},
	JOURNAL = {J. Pure Appl. Algebra},
	FJOURNAL = {Journal of Pure and Applied Algebra},
	VOLUME = {224},
	YEAR = {2020},
	NUMBER = {12},
	PAGES = {106444, 18},
	ISSN = {0022-4049},
	MRCLASS = {55S10 (55S05 55S12)},
	MRNUMBER = {4102178},
	DOI = {10.1016/j.jpaa.2020.106444},
	URL = {https://doi.org/10.1016/j.jpaa.2020.106444},
}

@article{medina2021computer,
	title={A computer algebra system for the study of commutativity up-to-coherent homotopies},
	author={Medina-Mardones, Anibal M},
	journal={arXiv preprint arXiv:2102.07670},
	year={2021}
}