@unpublished {medina2022fib_poly,
	AUTHOR = {Laplante-Anfossi, Guillaume and Medina-Mardones, Anibal M.},
	TITLE = {Fiber polytopes and the Steenrod construction},
	NOTE = {In preparation},
	YEAR = {2022},
	URL = {www.medina-mardones.com}
}

@book{gudhi
	, title        = "{GUDHI} User and Reference Manual"
	, author      = "{The GUDHI Project}"
	, publisher     = "{GUDHI Editorial Board}"
	, edition =     "{3.5.0}"
	, year         = 2022
	, url =    "https://gudhi.inria.fr/doc/3.5.0/"
}

@article {khovanov2000categorification,
	AUTHOR = {Khovanov, Mikhail},
	TITLE = {A categorification of the {J}ones polynomial},
	JOURNAL = {Duke Math. J.},
	FJOURNAL = {Duke Mathematical Journal},
	VOLUME = {101},
	YEAR = {2000},
	NUMBER = {3},
	PAGES = {359--426},
	ISSN = {0012-7094},
	MRCLASS = {57M27 (57R56)},
	MRNUMBER = {1740682},
	DOI = {10.1215/S0012-7094-00-10131-7},
	URL = {https://doi.org/10.1215/S0012-7094-00-10131-7},
}

@article {friedman2012simplicial,
	AUTHOR = {Friedman, Greg},
	TITLE = {Survey article: {A}n elementary illustrated introduction to
	simplicial sets},
	JOURNAL = {Rocky Mountain J. Math.},
	FJOURNAL = {The Rocky Mountain Journal of Mathematics},
	VOLUME = {42},
	YEAR = {2012},
	NUMBER = {2},
	PAGES = {353--423},
	ISSN = {0035-7596},
	MRCLASS = {55U10 (18G30)},
	MRNUMBER = {2915498},
	MRREVIEWER = {Beno\^{\i}t Fresse},
	DOI = {10.1216/RMJ-2012-42-2-353},
	URL = {https://doi.org/10.1216/RMJ-2012-42-2-353},
}

@manual{sagemath,
	Key          = {SageMath},
	Author       = {{The Sage Developers}},
	Title        = {{S}ageMath, the {S}age {M}athematics {S}oftware {S}ystem},
	note         = {{V}ersion 9.3.rc3},
	Year         = {2021},
	url          = {https://www.sagemath.org}
}